@techreport{skata,
      author        = "Collaboration, CMS",
      title         = "{The Phase-2 Upgrade of the CMS Muon Detectors}",
      institution   = "CERN",
      address       = "Geneva",
      number        = "CERN-LHCC-2017-012. CMS-TDR-016",
      month         = "Sep",
      year          = "2017",
      reportNumber  = "CERN-LHCC-2017-012",
      url           = "https://cds.cern.ch/record/2283189",
      note          = "This is the final version, approved by the LHCC.",
}