@techreport{Collaboration:2283192,
      author        = "{CMS Collaboration}",
      title         = "{The Phase-2 Upgrade of the CMS L1 Trigger Interim
                       Technical Design Report}",
      institution   = "CERN",
      address       = "Geneva",
      number        = "CERN-LHCC-2017-013. CMS-TDR-017",
      month         = "Sep",
      year          = "2017",
      reportNumber  = "CERN-LHCC-2017-013",
      url           = "https://cds.cern.ch/record/2283192",
      note          = "This is the CMS Interim TDR devoted to the upgrade of the
                       CMS L1 trigger in view of the HL-LHC running, as approved
                       by the LHCC.",
}

@techreport{Collaboration:2283189,
      author        = "CMS Collaboration",
      title         = "{The Phase-2 Upgrade of the CMS Muon Detectors}",
      institution   = "CERN",
      address       = "Geneva",
      number        = "CERN-LHCC-2017-012. CMS-TDR-016",
      month         = "Sep",
      year          = "2017",
      reportNumber  = "CERN-LHCC-2017-012",
      url           = "https://cds.cern.ch/record/2283189",
      note          = "This is the final version, approved by the LHCC.",
}


@article{walker200064b,
  title			={64b/66b low-overhead coding proposal for serial links},
  author		={Walker, Rick and Dugan, Richard},
  institution	={IEEE, 802},
  year  		={2000},
}

@misc{zbinden2018connector,
  title={Connector assembly},
  author={Zbinden, Eric J and MONGOLD, John A},
  year={2018},
  month=jun # "~19",
  publisher={Google Patents},
  note={US Patent App. 10/001,609}
}

@article{mehta2013xilinx,
  title={Xilinx ultrascale architecture for high-performance, smarter systems},
  author={Mehta, Nick},
  journal={Xilinx White Paper WP434},
  year={2013}
}



